%% This BibTeX bibliography file was created using BibDesk.
%% https://bibdesk.sourceforge.io/

%% Created for Tyler Foster at 2025-06-02 11:36:55 -0400 


%% Saved with string encoding Unicode (UTF-8) 



@misc{blondel2024elementsdifferentiableprogramming,
	archiveprefix = {arXiv},
	author = {Mathieu Blondel and Vincent Roulet},
	eprint = {2403.14606},
	primaryclass = {cs.LG},
	title = {The Elements of Differentiable Programming},
	url = {https://arxiv.org/abs/2403.14606},
	year = {2024},
	bdsk-url-1 = {https://arxiv.org/abs/2403.14606}}

@inproceedings{WWJH21,
	author = {Wang, Yue and Wang, Weishi and Joty, Shafiq and Hoi, Steven C.H.},
	booktitle = {EMNLP},
	date-modified = {2025-06-02 11:17:25 -0400},
	title = {CodeT5: Identifier-aware Unified Pre-trained Encoder-Decoder Models for Code Understanding and Generation},
	year = {2021}}

@inproceedings{LWGSH22,
	author = {Le, Hung and Wang, Yue and Gotmare, Akhilesh Deepak and Savarese, Silvio and Hoi, Steven C. H.},
	booktitle = {NeurIPS},
	date-modified = {2025-06-02 11:17:39 -0400},
	title = {CodeRL: Mastering Code Generation through Pretrained Models and Deep Reinforcement Learning},
	year = {2022}}

@article{WLGBLH23,
	author = {Wang, Yue and Le, Hung and Gotmare, Akhilesh Deepak and Bui, Nghi D.Q. and Li, Junnan and Hoi, Steven C. H.},
	date-modified = {2025-06-02 11:16:34 -0400},
	journal = {arXiv preprint},
	title = {CodeT5+: Open Code Large Language Models for Code Understanding and Generation},
	year = {2023}}

@article{LCCK22,
	author = {Li, Yujia and Choi, David and Chung, Junyoung and Kushman, Nate and Schrittwieser, Julian and Leblond, R{\'e}mi and Eccles, Tom and Keeling, James and Gimeno, Felix and Dal Lago, Agustin and Hubert, Thomas and Choy, Peter and de Masson d'Autume, Cyprien and Babuschkin, Igor and Chen, Xinyun and Huang, Po-Sen and Welbl, Johannes and Gowal, Sven and Cherepanov, Alexey and Molloy, James and Mankowitz, Daniel J. and Sutherland Robson, Esme and Kohli, Pushmeet and de Freitas, Nando and Kavukcuoglu, Koray and Vinyals, Oriol},
	date-modified = {2025-06-02 11:28:47 -0400},
	doi = {10.1126/science.abq1158},
	issn = {1095-9203},
	journal = {Science},
	month = dec,
	number = {6624},
	pages = {1092--1097},
	publisher = {American Association for the Advancement of Science (AAAS)},
	title = {Competition-level code generation with AlphaCode},
	url = {http://dx.doi.org/10.1126/science.abq1158},
	volume = {378},
	year = {2022},
	bdsk-url-1 = {http://dx.doi.org/10.1126/science.abq1158}}

@misc{CodeX,
	archiveprefix = {arXiv},
	author = {Mark Chen and Jerry Tworek and Heewoo Jun and Qiming Yuan and Henrique Ponde de Oliveira Pinto and Jared Kaplan and Harri Edwards and Yuri Burda and Nicholas Joseph and Greg Brockman and Alex Ray and Raul Puri and Gretchen Krueger and Michael Petrov and Heidy Khlaaf and Girish Sastry and Pamela Mishkin and Brooke Chan and Scott Gray and Nick Ryder and Mikhail Pavlov and Alethea Power and Lukasz Kaiser and Mohammad Bavarian and Clemens Winter and Philippe Tillet and Felipe Petroski Such and Dave Cummings and Matthias Plappert and Fotios Chantzis and Elizabeth Barnes and Ariel Herbert-Voss and William Hebgen Guss and Alex Nichol and Alex Paino and Nikolas Tezak and Jie Tang and Igor Babuschkin and Suchir Balaji and Shantanu Jain and William Saunders and Christopher Hesse and Andrew N. Carr and Jan Leike and Josh Achiam and Vedant Misra and Evan Morikawa and Alec Radford and Matthew Knight and Miles Brundage and Mira Murati and Katie Mayer and Peter Welinder and Bob McGrew and Dario Amodei and Sam McCandlish and Ilya Sutskever and Wojciech Zaremba},
	date-modified = {2025-06-02 11:36:51 -0400},
	eprint = {2107.03374},
	primaryclass = {cs.LG},
	title = {Evaluating Large Language Models Trained on Code},
	url = {https://arxiv.org/abs/2107.03374},
	year = {2021},
	bdsk-url-1 = {https://arxiv.org/abs/2107.03374}}
